@article{sindy,
    title = {Discovering governing equations from data by sparse identification of nonlinear dynamical systems},
    author = {Steven L. Brunton and Joshua L. Proctor and J. Nathan Kutz},
    journal = {Proceedings of the National Academy of Sciences},
    year = 2016,
    volume = {113},
    number = {15},
    pages = {3932--3937},
    language = {english},
}

@article{lasso,
    title = {Regression Shrinkage and Selection via the Lasso},
    author = {Robert Tibshirani},
    journal = {Journal of the Royal Statistical Society. Series B (Methodological)},
    number = {1},
    pages = {267--288},
    volume = {58},
    year = {1996},
    language = {english},
}

@article{fast_tvr,
    title = {О регуляризации некорректно поставленных задач},
    author = {Тихонов, А. Н.},
    journal = {Докл. АН СССР},
    year = {1963},
    volume = {153},
    issue = {1},
    pages = {49-52},
    language = {russian},
}

@article{tvr,
    title = {Numerical Differentiation of Noisy, Nonsmooth Data},
    author = {Rick Chartrand},
    journal = {International Scholarly Research Notices},
    year = {2011},
    volume = {2011},
    pages = {1-11},
    language = {english},
}

@article{lagged_diff_1,
    title = {Iterative Methods for Total Variation Denoising},
    author = {Vogel, C. R. and Oman, M. E.},
    year = {1996},
    volume = {17},
    number = {1},
    journal = {SIAM J. Sci. Comput.},
    pages = {227–238},
    language = {english},
}

@book{lagged_diff_2,
    title = {Computational Methods for Inverse Problems},
    author = {Vogel, C.R.},
    year = {2002},
    publisher = {Society for Industrial and Applied Mathematics},
    language = {english},
}

@book{synergetics,
    title = {Автоматизированный практикум по нелинейной динамике (синергетике)},
    author = {Павлов, Б. М. and Новиков, М. Д.},
    subtitle = {Учебное пособие},
    location = {М.},
    publisher = {Издательский отдел факультета ВМК МГУ},
    year = {2000},
    pagetotal = {115},
    language = {russian},
}

@article{sindyc_1,
    title = {Sparse Identification of Nonlinear Dynamics with Control (SINDYc)}, 
    author = {Steven L. Brunton and Joshua L. Proctor and J. Nathan Kutz},
    year = {2016},
    journal = {IFAC-PapersOnLine},
    volume = {49},
    number = {18},
    pages = {710-715},
    language = {english},
}

@inproceedings{sindyc_2,
    title = {SINDy with Control: A Tutorial}, 
    author = {Fasel, Urban and Kaiser, Eurika and Kutz, J. Nathan and Brunton, Bingni W. and Brunton, Steven L.},
    booktitle = {2021 60th IEEE Conference on Decision and Control (CDC)}, 
    year = {2021},
    pages = {16-21},
    language = {english},
}

@article{sindy-bvp,
    title = {SINDy-BVP: Sparse identification of nonlinear dynamics for boundary value problems},
    author = {Shea, Daniel E. and Brunton, Steven L. and Kutz, J. Nathan},
    journal = {Physical Review Research},
    volume = {3},
    issue = {2},
    year = {2021},
    language = {english},
}

@inproceedings{sindy-pi,
    title = {SINDy-PI: a robust algorithm for parallel implicit sparse identification of nonlinear dynamics},
    author = {Kaheman, Kadierdan and Kutz, J Nathan and Brunton, Steven L},
    booktitle = {Proceedings of the Royal Society A},
    volume = {476},
    year = {2020},
    language = {english},
}

@inproceedings{sindy-ensemble,
    title = {Ensemble-SINDy: Robust sparse model discovery in the low-data, high-noise limit, with active learning and control},
    author = {Fasel, Urban and Kutz, J Nathan and Brunton, Bingni W and Brunton, Steven L},
    booktitle = {Proceedings of the Royal Society A},
    volume = {478},
    year = {2022},
    language = {english},
}

@article{nn_denoise,
    title = {Automatic differentiation to simultaneously identify nonlinear dynamics and extract noise probability distributions from data},
    author = {Kadierdan Kaheman and Steven L Brunton and J Nathan Kutz},
    journal = {Machine Learning: Science and Technology},
    year = {2022},
    volume = {3},
    number = {1},
    pages = {15-31},
    language = {english},
}

@online{python,
    title = {Python --- The programming language},
    url = {https://www.python.org/},
    urldate = {2023-04-28},
    language = {english},
}

@online{numpy,
    title = {NumPy --- The fundamental package for scientific computing with Python},
    url = {https://numpy.org/},
    urldate = {2023-04-28},
    language = {english},
}

@online{scipy,
    title = {SciPy --- Fundamental algorithms for scientific computing in Python},
    url = {https://scipy.org/},
    urldate = {2023-04-28},
    language = {english},
}

@online{sklearn,
    title = {Scikit-learn --- Machine Learning in Python},
    url = {https://scikit-learn.org/},
    urldate = {2023-04-28},
    language = {english},
}

@online{matplotlib,
    title = {Matplotlib --- Visualization with Python},
    url = {https://matplotlib.org/},
    urldate = {2023-04-28},
    language = {english},
}

@online{seaborn,
    title = {Seaborn --- Statistical data visualization with Python},
    url = {https://seaborn.pydata.org/},
    urldate = {2023-04-28},
    language = {english},
}

@online{jupyter,
    title = {Jupyter --- Python notebook interface},
    url = {https://jupyter.org/},
    urldate = {2023-04-28},
    language = {english},
}

@article{symbolic,
    title = {Automated reverse engineering of nonlinear dynamical systems},
    author = {Bongard, Josh and Lipson, Hod},
    journal = {Proceedings of the National Academy of Sciences of the United States of America},
    year = {2007},
    volume = {104},
    language = {english},
}

@book{genetic,
    title = {Genetic Programming: On the Programming of Computers by Means of Natural Selection},
    author = {Koza, J.R.},
    year = {1992},
    publisher = {Bradford},
    volume = {1},
    language = {english},
}

@article{dmd,
    title = {Dynamic mode decomposition of numerical and experimental data},
    author = {Schmid, Peter J.},
    journal = {Journal of Fluid Mechanics},
    publisher = {Cambridge University Press},
    volume = {656},
    year = {2010},
    pages = {5–28},
    language = {english},
}

@article{koopman,
    title = {Analysis of Fluid Flows via Spectral Properties of the Koopman Operator},
    author = {Mezic, Igor},
    journal = {Annual Review of Fluid Mechanics},
    year = {2013},
    pages = {357-378},
    volume = {45},
}